<?xml version="1.0" encoding="UTF-8"?><collection xmlns="http://www.loc.gov/MARC21/slim"><record><leader>00410nam--2200133-i-4500</leader><controlfield tag="001">000041914</controlfield><controlfield tag="002">20161230</controlfield><controlfield tag="005">20161230201043</controlfield><controlfield tag="008">060222s1000------------r-----000-0-eng-d</controlfield><datafield ind1=" " ind2=" " tag="100"><subfield code="a">Smirnov,L.P. Si P.F.Sobolev</subfield></datafield><datafield ind1=" " ind2=" " tag="245"><subfield code="a">Montarea si exploatarea liniilor de cablu</subfield></datafield><datafield ind1=" " ind2=" " tag="260"><subfield code="a">Bucuresti, Ed.Tehnica, 1952. 301/-303/P.+ Erata</subfield></datafield><datafield ind1=" " ind2=" " tag="490"><subfield code="a">Ministerul Energiei Electrice Si Industiei Electrotehnice</subfield></datafield><datafield ind1=" " ind2=" " tag="852"><subfield code="a">2071</subfield></datafield></record></collection>